@article{PAPER,
    author = {Y. M. H. Gonçalves and S. Kashefolgheta and M. P. Oliveira and P. H. Hünenberger and B. A. C. Horta},
    title = {Simultaneous parametrization of torsional and third-neighbor interaction terms in force-field development: the {LLS-SC} algorithm},
    journal = {Journal of Computational Chemistry},
    year = {2021 (Submitted)},
}

@article{DEAP,
    author    = {F.-A. Fortin and F.-M. {De Rainville} and M.-A. Gardner and M. Parizeau and C. Gagné},
    title     = {{DEAP}: Evolutionary Algorithms Made Easy},
    pages     = {2171--2175},
    volume    = {13},
    month     = {jul},
    year      = {2012},
    journal   = {Journal of Machine Learning Research}
}

@book{GROMOS-doc,
    author = {W. F. van Gunsteren and S. R. Billeter and A. A. Eising and P. H. Hünenberger and P. Krüger and A. E. Mark and W. R. P. Scott and I. G. Tironi},
    title = {Biomolecular Simulation: The GROMOS96 Manual and User Guide. Volume~2:~Algorithms and Formulae for Modelling of Molecular Systems.},
    publisher = {Vdf Hochschulverlag AG an der ETH Zürich},
    year = 1996,
    address = {Zürich, Switzerland}
}

@book{GROMACS-doc,
    author = {Abraham, M. J. and  van der Spoel, D. and Lindahl, E. and Hess, B. and the GROMACS development team},
    title  = {GROMACS User Manual version 2019},
    url = {http://www.gromacs.org}
}
